<?xml version="1.0" encoding="UTF-8"?><collection xmlns="http://www.loc.gov/MARC21/slim"><record><leader>00444nam--2200157-i-4500</leader><controlfield tag="001">000017091</controlfield><controlfield tag="002">20161230</controlfield><controlfield tag="005">20170118191436</controlfield><controlfield tag="008">060222s1000------------r-----000-0-eng-d</controlfield><datafield ind1=" " ind2=" " tag="080"><subfield code="a">546.79:541.11</subfield></datafield><datafield ind1=" " ind2=" " tag="100"><subfield code="a">Fuger, J</subfield></datafield><datafield ind1=" " ind2=" " tag="245"><subfield code="a">The actinide aqueous inorganic complex</subfield></datafield><datafield ind1=" " ind2=" " tag="260"><subfield code="a">Vienna</subfield><subfield code="b">Iaea</subfield><subfield code="c">1992</subfield></datafield><datafield ind1=" " ind2=" " tag="490"><subfield code="a">The Chemical Thermodynamics Of Actinide Ele- Ments And Compounds, Part.12</subfield></datafield><datafield ind1=" " ind2=" " tag="852"><subfield code="a">43141</subfield></datafield><datafield ind1=" " ind2=" " tag="CAT"><subfield code="a">SYS</subfield><subfield code="c">20170118</subfield><subfield code="h">191436</subfield></datafield></record></collection>